@Article{Razin_2020,
  author   = {С. А. Разин},
  journal  = {E-Scio},
  title    = {Что должен знать начинающий {N}ode.js разработчик},
  year     = {2020},
  number   = {48},
  volume   = {9},
  language = {russian},
}

@Article{Gruzin_2021,
  author   = {Н. А. Грузин and А. А. Голубничий},
  journal  = {E-Scio},
  title    = {Обзор и сравнение хостингов для git-репозиториев: {B}itbucket, {G}ithub и {G}itlab},
  year     = {2021},
  number   = {1 (52)},
  pages    = {588--596},
  language = {russian},
}

@Book{hh_about,
  title = {О компании {H}ead{H}unter [{Э}лектронный ресурс]},
  note  = {URL:~\url{https://saratov.hh.ru/article/28} (дата обращения 19.12.2023). Загл. с экр. Яз. рус.},
}

@Book{gh_cv,
  title = {Пишем резюме на GitHub. Краткий гайд [{Э}лектронный ресурс]},
  note  = {URL:~\url{https://javarush.com/groups/posts/3424-pishem-rezjume-na-github} (дата обращения 19.12.2023). Загл. с экр. Яз. рус.},
}

@BOOK{tilda_template,
  title={Создание сайта с резюме [{Э}лектронный ресурс]},
  note={URL:~\url{https://tilda.cc/ru/tpls/sozdanie-saita-rezume/} (дата обращения 19.12.2023). Загл. с экр. Яз. рус.},
}

@Book{Holms_2017,
  author    = {С. Холмс},
  editor    = {Н. Гринчик},
  publisher = {Питер},
  title     = {Стек {MEAN}. {M}ongo, {E}xpress, {A}ngular, {N}ode},
  year      = {2017},
  address   = {Санкт-Петербург},
  isbn      = {978-5-496-02459-4},
  language  = {russian},
}

@Book{Mikovsky_2018,
  author    = {М. Миковски and П. Джош},
  editor    = {А. А. Слинкин},
  publisher = {ДМК Пресс},
  title     = {Разработка одностраничных веб-приложений},
  year      = {2018},
  address   = {Москва},
  language  = {russian},
}

@Book{Fain_2022,
  author    = {Я. Файн and А. Моисеев},
  publisher = {Питер},
  title     = {Angular и {T}ype{S}cript. {С}айтостроение для профессионалов},
  year      = {2022},
  address   = {Санкт-Петербург},
  isbn      = {978-5-4461-0496-3},
  language  = {russian},
}

@BOOK{hh_api,
  title={A{PI} {H}ead{H}unter. Общая информация [{Э}лектронный ресурс]},
  note={URL:~\url{https://github.com/hhru/api/blob/master/docs/general.md} (дата обращения 20.12.2023). Загл. с экр. Яз. рус.},
}

@Book{github_vs,
  title = {Bitbucket vs {G}ithub vs {G}itlab {I}nfographics [{Э}лектронный ресурс]},
  note  = {URL:~\url{https://www.educba.com/bitbucket-vs-github-vs-gitlab/} (дата обращения 20.12.2023). Загл. с экр. Яз. англ.},
}

@Book{Chacon_2017,
  author    = {С. Чакон and Б. Штрауб},
  publisher = {Питер},
  title     = {Git для профессионального программиста},
  year      = {2017},
  address   = {Санкт-Петербург},
  isbn      = {978-5-496-01763-3},
  language  = {russian},
}

@Article{Arhipov_2015,
  author   = {Л. В. Архипов},
  journal  = {Инновации в науке},
  title    = {Концепция применения контентно-адресуемых систем хранения для контроля версий},
  year     = {2015},
  number   = {12 (49)},
  pages    = {42--46},
  language = {russian},
}

@Book{rjs_vs_rn,
  title = {Разница между {R}eact {JS} и {R}eact {N}ative [{Э}лектронный ресурс]},
  note  = {URL:~\url{https://itanddigital.ru/react} (дата обращения 23.12.2023). Загл. с экр. Яз. рус.},
}

@Book{rjs,
  title = {{R}eact{JS}: философия, области применения, требования к бэкенду и всё, что нужно знать о технологии сейчас [{Э}лектронный ресурс]},
  note  = {URL:~\url{https://vc.ru/dev/567245} (дата обращения 24.12.2023). Загл. с экр. Яз. рус.},
}

@Article{Ershov_web,
  author   = {Т. А. Ершов},
  journal  = {E-Scio},
  title    = {Обзор современных технологий разработки для web-приложений},
  year     = {2023},
  number   = {8 (83)},
  pages    = {38--42},
  abstract = {russian},
  language  = {russian},
}

@Article{Cheprasov,
  author  = {И. А. Чепрасов},
  journal = {Научно-технические инновации и веб-технологии},
  title   = {{О}ценка целесообразности использования {N}ext.js в {R}eact-приложениях},
  year    = {2023},
  number  = {2},
  pages   = {60--65},
  language  = {russian},
}

@Article{Nikitin_nextjs,
  author  = {А. А. Никитин and Д. А. Носов},
  journal = {Информационно-телекоммуникационные системы и технологии},
  title   = {Использование фреймворка {N}ext.js в современных веб-приложениях},
  year    = {2022},
  pages   = {136--137},
  language  = {russian},
}

@Book{Tailwind,
  title = {Обзор фреймворка {T}ailwind{CSS}: чем он хорош и кому будет полезен [{Э}лектронный ресурс]},
  note  = {URL:~\url{https://timeweb.com/ru/community/articles/chto-takoe-tailwindcss-zachem-nuzhen-i-chem-horosh} (дата обращения 24.12.2023). Загл. с экр. Яз. рус.},
}

@Article{Rifandi_2022,
  author    = {F. Rifandi and T. V. Adriansyah and R. Kurniawati},
  journal   = {Jurnal E-Komtek (Elektro-Komputer-Teknik)},
  title     = {{W}ebsite {G}allery {D}evelopment {U}sing {T}ailwind {CSS} {F}ramework},
  year      = {2022},
  issn      = {2580-3719},
  number    = {2},
  pages     = {205--214},
  volume    = {6},
  doi       = {10.37339/e-komtek.v6i2.937},
  publisher = {Politeknik Dharma Patria Kebumen},
  language  = {russian},
}

@Article{Kalinin_mic,
  author  = {Н. А. Калинин and А. И. Архипова and Г. М. Тулегенов},
  journal = {Информационные технологии в науке, промышленности и образовании},
  title   = {Внедрение технологий взаимодействия между микросервисами и внешними клиентами при проектировании информационных систем},
  year    = {2023},
  pages   = {97--101},
  language  = {russian},
}

@Book{Masse_rest,
  author    = {M. Masse},
  publisher = {O'Reilly Media},
  title     = {{REST} {API} design rulebook},
  year      = {2011},
  isbn      = {9781449310509},
  pages     = {94},
  language  = {russian},
}

@Comment{jabref-meta: databaseType:bibtex;}
